   @BOOK{bookC,
      author =       "Brian W. Kernigihan and Dennis M. Ritchie",
      title =        "{Programovací jazyk C}",
      publisher =    "Computer Press",
      year =         "2008",
      note =         "ISBN~80-251-0897-X",
      edition =      "First",
   }

   @MISC{extIpa,
      author =      "Alexander Bokovoy",
      title =       "{Extending FreeIPA}",
      year =        "2011",
      howpublished=  "[online]",
      note=  "\url{https://abbra.fedorapeople.org/freeipa-extensibility.pdf}",
   }
   @MISC{extLDAP,
      author =      "Tomá¹ Èapek and Ella Deon Ballard",
      title =       "{Red Hat Directory Server 10 Plug-in Guide}",
      year =        "June 2015 [cit. 2016-01-01]",
      howpublished=  "[online]",
      note=  "\url{https://access.redhat.com/documentation/en-US/Red_Hat_Directory_Server/10/html/Plug-in_Guide/}",
   }
   @MISC{ADtrace,
      author =       "Microsoft",
      title =        "{Event Tracing}",
      year =         "[cit. 2015-12-12]",
      howpublished=  "[online]",
      note=  "\url{https://msdn.microsoft.com/en-us/library/bb968803%28v=vs.85%29.aspx}",
   }
   @MISC{ADtrack,
      author =       "Microsoft",
      title =        "{Overview of Change Tracking Techniques}",
      year =         "[cit. 2015-12-12]",
      howpublished=  "[online]",
      note=  "\url{https://msdn.microsoft.com/en-us/library/ms677625%28v=vs.85%29.aspx}",
   }
   @MISC{dbusWeb,
      title =        "dbus",
      year =         "[cit. 2015-12-12]",
      howpublished=  "[online]",
      note=  "\url{http://www.freedesktop.org/wiki/Software/dbus/}",
   }
   @MISC{ipaWeb,
      author =       "The FreeIPA Team",
      title =        "{About FreeIPA}",
      year =         "[cit. 2015-12-12]",
      howpublished=  "[online]",
      note=  "\url{http://www.freeipa.org/page/About}",
   }
   @MISC{ldapWeb,
      author =       "Red Hat",
      title =        "{389 Directory Server}",
      year =         "[cit. 2015-12-12]",
      howpublished=  "[online]",
      note=  "\url{http://directory.fedoraproject.org/}",
   }
   @MISC{kerbWeb,
      author =       "MIT",
      title =        "{Kerberos: The Network Authentication Protocol}",
      year =         "[cit. 2015-12-12]",
      howpublished=  "[online]",
      note=  "\url{http://web.mit.edu/kerberos/}",
   }
   @MISC{certWeb,
      author =       "Dogtag",
      title =        "{Dogtag Certificate System}",
      year =         "[cit. 2015-12-12]",
      howpublished=  "[online]",
      note=  "\url{http://pki.fedoraproject.org/}",
   }
   @MISC{dnsWeb,
      author =       "The FreeIPA Team",
      title =        "{bind-dyndb-ldap}",
      year =         "[cit. 2015-12-12]",
      howpublished=  "[online]",
      note=  "\url{https://fedorahosted.org/bind-dyndb-ldap/}",
   }
   @MISC{ldapRFC,
      author =       "J. Sermersheim",
      title =        "{Lightweight Directory Access Protocol (LDAP): The Protocol, RFC 4511}",
      year =         "June 2006 [cit. 2015-12-12]",
      howpublished=  "[online]",
      note=  "\url{https://tools.ietf.org/html/rfc4511}",
   }
   @MISC{kerbRFC,
      author =       "C. Neuman and T. Yu and S. Hartman and K. Raeburn",
      title =        "{The Kerberos Network Authentication Service (V5), RFC 4120}",
      year =         "July 2005 [cit. 2015-12-25]",
      howpublished=  "[online]",
      note=  "\url{https://tools.ietf.org/html/rfc4120}",
   }
   @MISC{dnsRFC,
      author =       "P. Mockapetris",
      title =        "{Domain Names - Implementation and Specication, RFC 1035}",
      year =         "November 1987 [cit. 2015-12-27]",
      howpublished=  "[online]",
      note=  "\url{https://tools.ietf.org/html/rfc1035}",
   }
   @MISC{kerbIpa,
      author =       "The FreeIPA Team",
      title =        "{Kerberos}",
      year =         "[cit. 2015-12-25]",
      howpublished=  "[online]",
      note=  "\url{https://www.freeipa.org/page/Kerberos}",
   }
   @MISC{dnsIpa,
      author =       "The FreeIPA Team",
      title =        "{DNS}",
      year =         "[cit. 2015-12-27]",
      howpublished=  "[online]",
      note=  "\url{https://www.freeipa.org/page/DNS}",
   }
